<record><leader>00000cas a2200000 a 4500</leader><controlfield tag="001">30632353</controlfield><controlfield tag="007">hd bfu---baat</controlfield><controlfield tag="007">hd afu---bact</controlfield><controlfield tag="008">940620c19489999nbuwr nea     0    0eng d</controlfield><datafield ind1=" " ind2=" " tag="010"><subfield code="a">sn 94055354 </subfield></datafield><datafield ind1=" " ind2=" " tag="040"><subfield code="a">NVG</subfield><subfield code="b">eng</subfield><subfield code="c">NVG</subfield><subfield code="d">OCLCQ</subfield></datafield><datafield ind1=" " ind2=" " tag="043"><subfield code="a">n-us-nb</subfield></datafield><datafield ind1="0" ind2=" " tag="130"><subfield code="a">Albion news (Albion, Neb.)</subfield></datafield><datafield ind1="1" ind2="0" tag="245"><subfield code="a">Albion news</subfield><subfield code="h">[microform].</subfield></datafield><datafield ind1=" " ind2=" " tag="260"><subfield code="a">Albion, Neb. :</subfield><subfield code="b">Jack Lough,</subfield><subfield code="c">1948-</subfield></datafield><datafield ind1=" " ind2=" " tag="300"><subfield code="a">v.</subfield></datafield><datafield ind1=" " ind2=" " tag="310"><subfield code="a">Weekly</subfield></datafield><datafield ind1="0" ind2=" " tag="362"><subfield code="a">Vol. 70, no. 1 (Oct. 21, 1948)-</subfield></datafield><datafield ind1=" " ind2=" " tag="525"><subfield code="a">Issues for vol. 70, no. 12 (Jan. 6, 1949)- accompanied by supplement: Nowadays.</subfield></datafield><datafield ind1=" " ind2=" " tag="580"><subfield code="a">Companion of: Boone companion, Oct. 30, 1958-May 14, 1963.</subfield></datafield><datafield ind1=" " ind2=" " tag="533"><subfield code="a">Microfilm.</subfield><subfield code="m">Aug. 25,1955- :[Lacks Apr. 29,1964]</subfield><subfield code="b">Lincoln, Neb. :</subfield><subfield code="c">Nebraska State Historical Society.</subfield><subfield code="e">26 microfilm reels ; 35 mm.</subfield></datafield><datafield ind1=" " ind2="0" tag="651"><subfield code="a">Boone County (Neb.)</subfield><subfield code="v">Newspapers.</subfield></datafield><datafield ind1="0" ind2=" " tag="730"><subfield code="a">Nowadays.</subfield></datafield><datafield ind1=" " ind2=" " tag="752"><subfield code="a">United States</subfield><subfield code="b">Nebraska</subfield><subfield code="c">Boone</subfield><subfield code="d">Albion.</subfield></datafield><datafield ind1="0" ind2="0" tag="780"><subfield code="t">Albion weekly news</subfield><subfield code="w">(DLC)sn 94055237</subfield></datafield><datafield ind1="0" ind2="5" tag="780"><subfield code="t">Boone companion</subfield><subfield code="w">(DLC)sn 94055287</subfield></datafield><datafield ind1="1" ind2=" " tag="787"><subfield code="t">Boone companion</subfield><subfield code="w">(DLC)sn 94055287</subfield></datafield></record>